
@online{TradicionalVsEletronico,
  author = {Iria Luppi Figueiredo},
  title = {Comércio Tradicional X Comércio Eletrônico},
  year = 2009,
  url = {https://www.oficinadanet.com.br/artigo/1728/comercio_tradicional_x_comercio_eletronico},
  urldate = {2017-05-15}
}
